<record><leader>00000cas a2200000 a 4500</leader><controlfield tag="001">2683862</controlfield><controlfield tag="008">770117d1829183ualuwr ne      0    0eng  </controlfield><datafield ind1=" " ind2=" " tag="010"><subfield code="a">sn 84021903 </subfield><subfield code="z">   76644901 </subfield></datafield><datafield ind1=" " ind2=" " tag="040"><subfield code="a">DLC</subfield><subfield code="b">eng</subfield><subfield code="c">DLC</subfield><subfield code="d">NPV</subfield><subfield code="d">NPX</subfield><subfield code="d">DLC</subfield><subfield code="d">PPM</subfield><subfield code="d">CPN</subfield><subfield code="d">CNK</subfield><subfield code="d">DLC</subfield><subfield code="d">AQM</subfield><subfield code="d">OCLCO</subfield><subfield code="d">OCLCQ</subfield><subfield code="d">OCLCF</subfield><subfield code="d">CUS</subfield></datafield><datafield ind1=" " ind2=" " tag="019"><subfield code="a">207842421</subfield></datafield><datafield ind1=" " ind2=" " tag="042"><subfield code="a">pcc</subfield></datafield><datafield ind1=" " ind2=" " tag="043"><subfield code="a">n-us-al</subfield></datafield><datafield ind1="0" ind2="0" tag="050"><subfield code="a">Newspaper 7003-X</subfield></datafield><datafield ind1="0" ind2=" " tag="130"><subfield code="a">Alabama state intelligencer (Tuscaloosa, Ala. : 1829)</subfield></datafield><datafield ind1="1" ind2="0" tag="245"><subfield code="a">Alabama state intelligencer.</subfield></datafield><datafield ind1="3" ind2="0" tag="246"><subfield code="a">State intelligencer</subfield></datafield><datafield ind1="3" ind2="0" tag="246"><subfield code="a">Intelligencer</subfield></datafield><datafield ind1=" " ind2=" " tag="260"><subfield code="a">Tuscaloosa, Ala. :</subfield><subfield code="b">M'Guire, Henry &amp; M'Guire,</subfield><subfield code="c">1829-</subfield></datafield><datafield ind1=" " ind2=" " tag="300"><subfield code="a">v.</subfield></datafield><datafield ind1=" " ind2=" " tag="310"><subfield code="a">Weekly</subfield></datafield><datafield ind1="0" ind2=" " tag="362"><subfield code="a">Vol. 1, no. 1 (Apr. 10, 1829)-</subfield></datafield><datafield ind1=" " ind2=" " tag="500"><subfield code="a">Publishers: McGuire, Henry &amp; McGuire, &lt;1829&gt;; Wiley, M'Guire &amp; Henry, &lt;1830&gt;; W.W. &amp; H.M. McGuire, &lt;1833&gt;.</subfield></datafield><datafield ind1=" " ind2=" " tag="530"><subfield code="a">Available on microfilm from the Library of Congress, Photoduplication Service.</subfield></datafield><datafield ind1=" " ind2="0" tag="651"><subfield code="a">Tuscaloosa (Ala.)</subfield><subfield code="v">Newspapers.</subfield></datafield><datafield ind1=" " ind2="0" tag="651"><subfield code="a">Tuscaloosa County (Ala.)</subfield><subfield code="v">Newspapers.</subfield></datafield><datafield ind1=" " ind2="7" tag="651"><subfield code="a">Alabama</subfield><subfield code="z">Tuscaloosa.</subfield><subfield code="2">fast</subfield><subfield code="0">(OCoLC)fst01206929</subfield></datafield><datafield ind1=" " ind2="7" tag="651"><subfield code="a">Alabama</subfield><subfield code="z">Tuscaloosa County.</subfield><subfield code="2">fast</subfield><subfield code="0">(OCoLC)fst01209304</subfield></datafield><datafield ind1=" " ind2="7" tag="655"><subfield code="a">Newspapers.</subfield><subfield code="2">rbgenr</subfield></datafield><datafield ind1=" " ind2="7" tag="655"><subfield code="a">Newspapers.</subfield><subfield code="2">fast</subfield><subfield code="0">(OCoLC)fst01423814</subfield></datafield><datafield ind1=" " ind2=" " tag="752"><subfield code="a">United States</subfield><subfield code="b">Alabama</subfield><subfield code="c">Tuscaloosa</subfield><subfield code="d">Tuscaloosa.</subfield></datafield><datafield ind1="0" ind2="8" tag="776"><subfield code="i">Online version:</subfield><subfield code="t">Alabama state intelligencer (Tuscaloosa, Ala. : 1829)</subfield><subfield code="w">(OCoLC)192107163</subfield></datafield><datafield ind1="0" ind2="0" tag="785"><subfield code="t">Alabama intelligencer and state rights expositor</subfield><subfield code="w">(DLC)sn 83025437</subfield><subfield code="w">(OCoLC)9467505</subfield></datafield><datafield ind1="4" ind2="1" tag="856"><subfield code="3">03/02/1833</subfield><subfield code="u">http://infoweb.newsbank.com/?db=EANX&amp;s_browseRef=decades/11B26B13EFA449E2/all.xml</subfield></datafield><datafield ind1="1" ind2=" " tag="029"><subfield code="a">AU@</subfield><subfield code="b">000020348799</subfield></datafield></record>